@article{diamond,
       author = "Ballard, Grey and Kolda, Tamara G. and Pinar, Ali and Seshadhri, C.",
       title = "Diamond Sampling for Approximate Maximum All-pairs Dot-product (MAD) Search",
       journal = "International Conference on Data Mining (ICDM)",
       year = "2015" }

@book{concentration-book,
       author = "Dubhashi, Devdatt P. and Panconesi, Alessandro",
       title = "Concentration of Measure for the Analysis of Randomized Algorithms",
       publisher = "Cambridge University Press",
       year = "2012" }